<record><leader>00000cas a22000007a 4500</leader><controlfield tag="001">35708702</controlfield><controlfield tag="008">961010d1906190uokuwr n       0    0eng d</controlfield><datafield ind1=" " ind2=" " tag="010"><subfield code="a">sn 96093045 </subfield></datafield><datafield ind1=" " ind2=" " tag="040"><subfield code="a">OBN</subfield><subfield code="b">eng</subfield><subfield code="c">OBN</subfield><subfield code="d">OCLCQ</subfield><subfield code="d">OCLCO</subfield></datafield><datafield ind1="1" ind2=" " tag="029"><subfield code="a">AU@</subfield><subfield code="b">000012911288</subfield></datafield><datafield ind1=" " ind2=" " tag="042"><subfield code="a">msc</subfield></datafield><datafield ind1=" " ind2=" " tag="043"><subfield code="a">n-us-ok</subfield></datafield><datafield ind1="0" ind2="4" tag="245"><subfield code="a">The Sterrett sun.</subfield></datafield><datafield ind1=" " ind2=" " tag="260"><subfield code="a">Sterrett, Indian Territory [Okla.] :</subfield><subfield code="b">J.R. Moore</subfield></datafield><datafield ind1=" " ind2=" " tag="300"><subfield code="a">v.</subfield></datafield><datafield ind1=" " ind2=" " tag="310"><subfield code="a">Weekly</subfield></datafield><datafield ind1="0" ind2=" " tag="362"><subfield code="a">Vol. 10 (Feb. 16, 1906)-</subfield></datafield><datafield ind1=" " ind2="0" tag="651"><subfield code="a">Sterrett (Okla.)</subfield><subfield code="v">Newspapers.</subfield></datafield><datafield ind1=" " ind2="0" tag="651"><subfield code="a">Bryan County (Okla.)</subfield><subfield code="v">Newspapers.</subfield></datafield><datafield ind1=" " ind2="0" tag="651"><subfield code="a">Indian Territory</subfield><subfield code="v">Newspapers.</subfield></datafield><datafield ind1=" " ind2=" " tag="752"><subfield code="a">United States</subfield><subfield code="b">Oklahoma</subfield><subfield code="c">Bryan</subfield><subfield code="d">Sterrett.</subfield></datafield><datafield ind1="0" ind2="0" tag="780"><subfield code="t">Banner-ledger (Sterrett, Okla.)</subfield><subfield code="w">(DLC)sn 96093044</subfield><subfield code="w">(OCoLC)35708607</subfield></datafield></record>